<record><leader>00000cas a22000007a 4500</leader><controlfield tag="001">1764441</controlfield><controlfield tag="008">751101d18881900mnuwr ne      0    0eng d</controlfield><datafield ind1=" " ind2=" " tag="010"><subfield code="a">sn 89064121 </subfield></datafield><datafield ind1=" " ind2=" " tag="040"><subfield code="a">MUL</subfield><subfield code="b">eng</subfield><subfield code="c">MUL</subfield><subfield code="d">MN#</subfield><subfield code="d">OCL</subfield><subfield code="d">OCLCQ</subfield><subfield code="d">OCLCF</subfield><subfield code="d">OCLCO</subfield></datafield><datafield ind1=" " ind2=" " tag="042"><subfield code="a">msc</subfield></datafield><datafield ind1=" " ind2=" " tag="043"><subfield code="a">n-us-mn</subfield></datafield><datafield ind1=" " ind2=" " tag="052"><subfield code="a">4144</subfield><subfield code="b">L9</subfield><subfield code="b">H36</subfield></datafield><datafield ind1=" " ind2=" " tag="052"><subfield code="a">4143</subfield><subfield code="b">R7</subfield></datafield><datafield ind1="0" ind2="4" tag="245"><subfield code="a">The Rock County news.</subfield></datafield><datafield ind1=" " ind2=" " tag="260"><subfield code="a">Luverne, Minn. :</subfield><subfield code="b">Fred N. Van Duzee,</subfield><subfield code="c">-1900.</subfield></datafield><datafield ind1=" " ind2=" " tag="300"><subfield code="a">v.</subfield></datafield><datafield ind1=" " ind2=" " tag="310"><subfield code="a">Weekly</subfield></datafield><datafield ind1="1" ind2=" " tag="362"><subfield code="a">Began in 1888?</subfield></datafield><datafield ind1="0" ind2=" " tag="362"><subfield code="a">-v. 12, no. 31 (Dec. 28, 1900).</subfield></datafield><datafield ind1=" " ind2=" " tag="500"><subfield code="a">Published at Hardwick, Minn., Dec. 7, 1900-Dec. 28, 1900.</subfield></datafield><datafield ind1=" " ind2=" " tag="530"><subfield code="a">Available on microfilm from the Minnesota Historical Society.</subfield></datafield><datafield ind1=" " ind2=" " tag="588"><subfield code="a">Description based on: Vol. 3, no. 16 (Oct. 2, 1890).</subfield></datafield><datafield ind1=" " ind2="0" tag="651"><subfield code="a">Hardwick (Minn.)</subfield><subfield code="v">Newspapers.</subfield></datafield><datafield ind1=" " ind2="0" tag="651"><subfield code="a">Luverne (Minn.)</subfield><subfield code="v">Newspapers.</subfield></datafield><datafield ind1=" " ind2="7" tag="655"><subfield code="a">Newspapers.</subfield><subfield code="2">fast</subfield><subfield code="0">(OCoLC)fst01423814</subfield></datafield><datafield ind1=" " ind2="7" tag="651"><subfield code="a">Minnesota</subfield><subfield code="z">Hardwick.</subfield><subfield code="2">fast</subfield><subfield code="0">(OCoLC)fst01254502</subfield></datafield><datafield ind1=" " ind2="7" tag="651"><subfield code="a">Minnesota</subfield><subfield code="z">Luverne.</subfield><subfield code="2">fast</subfield><subfield code="0">(OCoLC)fst01220178</subfield></datafield><datafield ind1=" " ind2=" " tag="752"><subfield code="a">United States</subfield><subfield code="b">Minnesota</subfield><subfield code="c">Rock</subfield><subfield code="d">Hardwick.</subfield></datafield><datafield ind1=" " ind2=" " tag="752"><subfield code="a">United States</subfield><subfield code="b">Minnesota</subfield><subfield code="c">Rock</subfield><subfield code="d">Luverne.</subfield></datafield><datafield ind1="0" ind2="4" tag="785"><subfield code="t">Luverne journal (Luverne, Minn.)</subfield><subfield code="w">(DLC)sn 89064118</subfield></datafield></record>